@article{Embrapa,
  title={Annotated Plant Pathology Databases for Image-Based Detection and Recognition of Diseases},
  
  author={J. G. A. Barbedo, L. V. Koenigkan, B. A. Halfeld-Vieira, et al.},
  
  journal = {IEEE LATIN AMERICA TRANSACTIONS},
  
  volume =       "16",
  pages =        "1749--1757",
  year =         "2018",

}

@MISC {github,
    author   = "Michel Victor",
    title    = "Algoritmo para o tratamento (redimensionamento) de imagem para uso em deep learning.",
    month    = "may",
    year     = "2019",
    crossref = "github",
    note     = "https://github.com/michvic/tratamento-imagem-deep-learning"
}